<record><leader>00000cas a22000007a 4500</leader><controlfield tag="001">12304400</controlfield><controlfield tag="008">850725d18731877nyuwr ne      0    0eng d</controlfield><datafield ind1=" " ind2=" " tag="010"><subfield code="a">sn 85026630 </subfield></datafield><datafield ind1=" " ind2=" " tag="040"><subfield code="a">NPX</subfield><subfield code="b">eng</subfield><subfield code="c">NPX</subfield><subfield code="d">OCLCQ</subfield></datafield><datafield ind1=" " ind2=" " tag="042"><subfield code="a">msc</subfield></datafield><datafield ind1="0" ind2="4" tag="245"><subfield code="a">The Horseheads free press.</subfield></datafield><datafield ind1=" " ind2=" " tag="260"><subfield code="a">Horseheads, N.Y. :</subfield><subfield code="b">H.E. Purdy</subfield></datafield><datafield ind1=" " ind2=" " tag="300"><subfield code="a">v.</subfield></datafield><datafield ind1=" " ind2=" " tag="310"><subfield code="a">Weekly</subfield></datafield><datafield ind1="1" ind2=" " tag="362"><subfield code="a">Began with May 9, 1873 issue; ceased in Dec. 1877.</subfield><subfield code="z">Cf. Hist. of Tioga, Chemung, Tompkins, and Schuyler Counties, N.Y., 1879.</subfield></datafield><datafield ind1=" " ind2=" " tag="500"><subfield code="a">Editor: Horace E. Purdy, &lt;1876&gt;.</subfield></datafield><datafield ind1=" " ind2=" " tag="500"><subfield code="a">"Democratic."</subfield></datafield><datafield ind1=" " ind2=" " tag="588"><subfield code="a">Description based on: Vol. 4, no. 8 (June 30, 1876).</subfield></datafield><datafield ind1=" " ind2=" " tag="752"><subfield code="a">United States</subfield><subfield code="b">New York</subfield><subfield code="c">Chemung</subfield><subfield code="d">Horseheads.</subfield></datafield><datafield ind1="0" ind2="0" tag="785"><subfield code="t">Elmira free press</subfield></datafield><datafield ind1="1" ind2=" " tag="029"><subfield code="a">AU@</subfield><subfield code="b">000025829709</subfield></datafield></record>